@Inbook{Marchandise2012,
author="Marchandise, Emilie
and Crosetto, Paolo
and Geuzaine, Christophe
and Remacle, Jean-Fran{\c{c}}ois
and Sauvage, Emilie",
editor="Ambrosi, Davide
and Quarteroni, Alfio
and Rozza, Gianluigi",
title="Quality open source mesh generation for cardiovascular flow simulations",
bookTitle="Modeling of Physiological Flows",
year="2012",
publisher="Springer Milan",
address="Milano",
pages="395--414",
isbn="978-88-470-1935-5",
doi="10.1007/978-88-470-1935-5_13",
url="http://dx.doi.org/10.1007/978-88-470-1935-5_13"
}

@article{Passat2011,
  TITLE = {{Interactive segmentation based on component-trees}},
  AUTHOR = {Passat, Nicolas and Naegel, Beno{\^i}t and Rousseau, Fran{\c c}ois and Koob, M{\'e}riam and Dietemann, Jean-Louis},
  URL = {https://hal.archives-ouvertes.fr/hal-00687001},
  JOURNAL = {{Pattern Recognition}},
  PUBLISHER = {{Elsevier}},
  VOLUME = {44},
  NUMBER = {10-11},
  PAGES = {2539-2554},
  YEAR = {2011},
  MONTH = Mar,
  DOI = {10.1016/j.patcog.2011.03.025},
  PDF = {https://hal.archives-ouvertes.fr/hal-00687001/file/preprint-2011-PR-Passat.pdf},
  HAL_ID = {hal-00687001},
  HAL_VERSION = {v1},
}
